@Article{hau21:fur,
  author = 	 {Haubold, B. and Kl\"otzl, F. and Hellberg, L. and Thompson, D. and Cavalar, M.},
  title = 	 {\texttt{Fur}: Find unique genomic regions for diagnostic {PCR}},
  journal = 	 {Bioinformatics},
  year = 	 2021,
  volume = 	 {doi.org/10.1093/bioinformatics/btab059}}
                  
@Book{		  knu97:ar1,
  author	= {Knuth, D. E.},
  title		= {The Art of Computer Programming: Fundamental Algorithms},
  publisher	= {Addision Wesley},
  address	= {Boston},
  year		= 1997,
  volume	= 1
}

@Book{ohl13:bio,
  author = 	 {Ohlebusch, E.},
  title = 	 {Bioinformatics Algorithms: Sequence Analysis, Genome Rearrangements, and Phylogenetic Reconstruction},
  publisher = 	 {Enno Ohlebusch},
  address =      {Ulm},
  year = 	 2013}
